


@article{Ajith:2016,
  author    = {Shaza M. Abd Elrahman and
               Ajith Abraham},
  title     = {Class imbalance problem using a hybrid ensemble approach},
  journal   = {Int. J. Hybrid Intell. Syst.},
  volume    = {12},
  number    = {4},
  pages     = {219--227},
  year      = {2016},
  url       = {http://dx.doi.org/10.3233/HIS-160217},
  
}

@INPROCEEDINGS{Ajith:2010, 
author={H. S. Own and N. A. A. Aal and A. Abraham}, 
booktitle={Soft Computing and Pattern Recognition (SoCPaR), 2010 International Conference of}, 
title={A new weighted rough set framework for imbalance class distribution}, 
year={2010}, 
pages={29-34}, 
month={Dec},}

@Inbook{Ajith:2016,
author="Hassan, Amira Kamil Ibrahim
and Abraham, Ajith",
editor="Pillay, Nelishia
and Engelbrecht, P. Andries
and Abraham, Ajith
and du Plessis, C. Mathys
and Sn{\'a}{\v{s}}el, V{\'a}clav
and Muda, Kamilah Azah",
chapter="Modeling Insurance Fraud Detection Using Imbalanced Data Classification",
title="Advances in Nature and Biologically Inspired Computing: Proceedings of the 7th World Congress on Nature and Biologically Inspired Computing (NaBIC2015) in Pietermaritzburg, South Africa, held December 01-03, 2015",
year="2016",
publisher="Springer International Publishing",
address="Cham",
pages="117--127",
isbn="978-3-319-27400-3",
}

@article{Ajith:2015,
  author    = {Shahaboddin Shamshirband and
               Babak Daghighi and
               Nor Badrul Anuar and
               Miss Laiha Mat Kiah and
                     Ahmed Patel and
               Ajith Abraham},
  title     = {Co-FQL: Anomaly detection using cooperative fuzzy Q-learning in network},
  journal   = {Journal of Intelligent and Fuzzy Systems},
  volume    = {28},
  number    = {3},
  pages     = {1345--1357},
  year      = {2015},
  
}

@Article{Gupta:2005,
author="Gupta, S.K.
and Bhatnagar, V.
and Wasan, S.K.",
title="Architecture for knowledge discovery and knowledge management",
journal="Knowledge and Information Systems",
year="2005",
volume="7",
number="3",
pages="310--336",
issn="0219-3116",
}


@article{SKG:2001,
author = {Vasudha Bhatnagar and S K Gupta and S K Wasan},
title = {On Mining of Data},
journal = {IETE Journal of Research},
volume = {47},
number = {1-2},
pages = {5-17},
year = {2001},
   
}

@Inbook{SKG:2006,
author="Mittal, Sanjay
and Gupta, Rahul
and Mohania, Mukesh
and Gupta, Shyam K.
and Iwaihara, Mizuho
and Dillon, Tharam",
chapter="Detecting Frauds in Online Advertising Systems",
title="E-Commerce and Web Technologies: 7th International Conference, EC-Web 2006, Krakow, Poland, September 5-7, 2006. Proceedings",
year="2006",
publisher="Springer Berlin Heidelberg",
address="Berlin, Heidelberg",
pages="222--231",
isbn="978-3-540-37745-0",

}

@article{KK:2014,
  author    = {Gaganmeet Kaur Awal and
               K. K. Bharadwaj},
  title     = {Team formation in social networks based on collective intelligence
               - an evolutionary approach},
  journal   = {Appl. Intell.},
  volume    = {41},
  number    = {2},
  pages     = {627--648},
  year      = {2014},
 }

@article{KK:2015a,
  author    = {Vinti Agarwal and
               K. K. Bharadwaj},
  title     = {Predicting the dynamics of social circles in ego networks using pattern
               analysis and {GA} K-means clustering},
  journal   = {Wiley Interdisc. Rew.: Data Mining and Knowledge Discovery},
  volume    = {5},
  number    = {3},
  pages     = {113--141},
  year      = {2015},
 
}
     
@inproceedings{KK:2015b,
  author    = {Ankita Verma and
               K. K. Bharadwaj},
  title     = {Discovering Communities in Heterogeneous Social Networks Based on
               Non-negative Tensor Factorization and Cluster Ensemble Approach},
  booktitle = {Mining Intelligence and Knowledge Exploration - Third International
               Conference, {MIKE} 2015, Hyderabad, India, December 9-11, 2015, Proceedings},
  pages     = {150--160},
  year      = {2015},
 
}
@inproceedings{VB:2009,
  author    = {Sharanjit Kaur and
               Vasudha Bhatnagar and
               Sameep Mehta and
               Sudhir Kapoor},
  title     = {Categorizing Concepts for Detecting Drifts in Stream},
  booktitle = {Proceedings of the 15th International Conference on Management of
               Data, December 9-12, 2009, International School of Information Management,
               Mysore, India},
  year      = {2009},
  
}
@inproceedings{VB:2010,
  author    = {Vasudha Bhatnagar and
               Manju Bhardwaj and
               Ashish Mahabal},
  title     = {Comparing {SVM} ensembles for imbalanced datasets},
  booktitle = {10th International Conference on Intelligent Systems Design and Applications,
               {ISDA} 2010, November 29 - December 1, 2010, Cairo, Egypt},
  pages     = {651--657},
  year      = {2010},
  
  
}

@inproceedings{VB:2015,
  author    = {Manju Bhardwaj and
               Debasis Dash and
               Vasudha Bhatnagar},
  title     = {Accurate Classification of Biological Data Using Ensembles},
  booktitle = {{IEEE} International Conference on Data Mining Workshop, {ICDMW} 2015,
               Atlantic City, NJ, USA, November 14-17, 2015},
  pages     = {1486--1493},
  year      = {2015},
    
}


@INPROCEEDINGS{PKSingh:2011, 
author={P. Jain and P. K. Singh and A. Abraham}, 
booktitle={Next Generation Web Services Practices (NWeSP), 2011 7th International Conference on}, 
title={Intrusion detection and self healing model for network security}, 
year={2011}, 
pages={320-325}, 
month={Oct},
}
@article{Minz:2014,
  author    = {Vipin Kumar and
               Sonajharia Minz},
  title     = {Feature Selection: {A} literature Review},
  journal   = {Smart {CR}},
  volume    = {4},
  number    = {3},
  pages     = {211--229},
  year      = {2014},
 
}

@INPROCEEDINGS{Minz:2012, 
author={S. Minz and I. K. A. Abughali}, 
booktitle={2011 Ninth International Conference on ICT and Knowledge Engineering}, 
title={Time-varying microarray data sets: Co-expression detection}, 
year={2012}, 
pages={43-46}, 
ISSN={2157-0981}, 
month={Jan},}


@inproceedings{Minz:2015,
  author    = {Vipin Kumar and
               Sonajharia Minz},
  title     = {Multi-view Ensemble Learning: {A} Supervised Feature Set Partitioning
               for High Dimensional Data Classification},
  booktitle = {Proceedings of the Third International Symposium on Women in Computing
               and Informatics, {WCI} 2015, co-located with {ICACCI} 2015, Kochi,
               India, August 10-13, 2015},
  pages     = {31--37},
  year      = {2015},

}

@article{RK:2015,
  author    = {Bharti Rana and
               Akanksha Juneja and
               Mohit Saxena and
               Sunita Gudwani and
               S. Senthil Kumaran and
               R. K. Agrawal and
               Madhuri Behari},
  title     = {Regions-of-interest based automated diagnosis of Parkinson's disease
               using T1-weighted {MRI}},
  journal   = {Expert Syst. Appl.},
  volume    = {42},
  number    = {9},
  pages     = {4506--4516},
  year      = {2015},
  
}
@inproceedings{RK:2009,
  author    = {R. K. Agrawal and
               Ashish Chaudhary},
  title     = {Perturbation Scheme for Online Incremental Learning of Features for
               Face Recognition},
  booktitle = {Proceedings of The 2009 International Conference on Data Mining, {DMIN}
               2009, July 13-16, 2009, Las Vegas, {USA}},
  pages     = {110--116},
  year      = {2009},
}
@article{RK:2008,
  author    = {R. K. Agrawal and
               Karmeshu},
  title     = {Perturbation scheme for online learning of features: Incremental principal
               component analysis},
  journal   = {Pattern Recognition},
  volume    = {41},
  number    = {5},
  pages     = {1452--1460},
  year      = {2008},
  url       = {http://dx.doi.org/10.1016/j.patcog.2007.10.002},
  doi       = {10.1016/j.patcog.2007.10.002},
}

@inproceedings{RK:2010,
  author    = {Manju Bala and
               Namita Aggarwal and
               R. K. Agrawal},
  title     = {Performance Evaluation of Intrusion Detection System Using Optimal
               Decision Tree {SVM}},
  booktitle = {Proceedings of The 2010 International Conference on Data Mining, {DMIN}
               2010, July 12-15, 2010, Las Vegas, Nevada, {USA}},
  pages     = {98--105},
  year      = {2010},
 
}

@Inbook{Severyn2012,
author="Severyn, Aliaksei
and Moschitti, Alessandro",
editor="Moschitti, Alessandro
and Scandariato, Riccardo",
chapter="Large-Scale Learning with Structural Kernels for Class-Imbalanced Datasets",
title="Eternal Systems: First InternationalWorkshop, EternalS 2011, Budapest, Hungary, May 3, 2011, Revised Selected Papers",
year="2012",
publisher="Springer Berlin Heidelberg",
address="Berlin, Heidelberg",
pages="34--41",
isbn="978-3-642-28033-7"
}



@article{Nesterov:1983,
author = {Yurii Nesterov},
title = {A method of solving a convex programming problem with convergence rate O (1/k2)},
journal = {Soviet Mathematics Doklady},
volume = {27},
number = {2},
pages = {372-376},
year = {1983},
}




@article{Beck:2009,
author = {Amir Beck and Marc Teboulle},
title = {A Fast Iterative Shrinkage-Thresholding Algorithm for Linear Inverse Problems},
journal = {SIAM Journal on Imaging Sciences},
volume = {2},
number = {1},
pages = {183-202},
year = {2009},
}


@inproceedings {Qiang:2009,
author       = {Qiang FU and Jian-Guang LOU and Yi WANG and Jiang LI},
booktitle    = {International conference on Data Mining},
month        = {December},
publisher    = {IEEE},
title        = {Execution Anomaly Detection in Distributed Systems through Unstructured Log       Analysis},
year         = {2009}
}
+

@article{Otey:2006,
 author = {Otey, Matthew Eric and Ghoting, Amol and Parthasarathy, Srinivasan},
 title = {Fast Distributed Outlier Detection in Mixed-Attribute Data Sets},
 journal = {Data Min. Knowl. Discov.},
 issue_date = {May       2006},
 volume = {12},
 number = {2-3},
 month = may,
 year = {2006},
 issn = {1384-5810},
 pages = {203--228},
 numpages = {26},
 publisher = {Kluwer Academic Publishers},
 address = {Hingham, MA, USA},
 
} 



@article{Koh:2007,
 author = {Koh, Kwangmoo and Kim, Seung-Jean and Boyd, Stephen},
 title = {An Interior-Point Method for Large-Scale L1-Regularized Logistic Regression},
 journal = {J. Mach. Learn. Res.},
 issue_date = {12/1/2007},
 volume = {8},
 month = dec,
 year = {2007},
 issn = {1532-4435},
 pages = {1519--1555},
 numpages = {37}
} 

@article{Shalev-Shwartz:2011,
 author = {Shalev-Shwartz, Shai and Tewari, Ambuj},
 title = {Stochastic Methods for L1-regularized Loss Minimization},
 journal = {J. Mach. Learn. Res.},
 issue_date = {2/1/2011},
 volume = {12},
 month = jul,
 year = {2011},
 issn = {1532-4435},
 pages = {1865--1892},
 numpages = {28},
 publisher = {JMLR.org},
} 


@inproceedings{Hsieh:2008,
 author = {Hsieh, Cho-Jui and Chang, Kai-Wei and Lin, Chih-Jen and Keerthi, S. Sathiya and Sundararajan, S.},
 title = {A Dual Coordinate Descent Method for Large-scale Linear SVM},
 booktitle = {Proceedings of the 25th International Conference on Machine Learning},
 series = {ICML '08},
 year = {2008},
 isbn = {978-1-60558-205-4},
 location = {Helsinki, Finland},
 pages = {408--415},
 numpages = {8},
 publisher = {ACM},
 address = {New York, NY, USA},
} 


@article{Nesterov:2012,
author = {Yu. Nesterov},
title = {Efficiency of Coordinate Descent Methods on Huge-Scale Optimization Problems},
journal = {SIAM Journal on Optimization},
volume = {22},
number = {2},
pages = {341-362},
year = {2012}
}


@Article{Richtárik:2012,
author="Richt{\'a}rik, Peter
and Tak{\'a}{\v{c}}, Martin",
title="Iteration complexity of randomized block-coordinate descent methods for minimizing a composite function",
journal="Mathematical Programming",
year="2012",
volume="144",
number="1",
pages="1--38"
}


@incollection{Bottou:2012,
  author = {Bottou, L\'{e}on},
  title = {Stochastic Gradient Tricks},
  booktitle = {Neural Networks, Tricks of the Trade, Reloaded},
  pages = {430--445},
  editor = {Montavon, Gr\'{e}goire and Orr, Genevieve B. and M\"{u}ller, Klaus-Robert},
  series = {Lecture Notes in Computer Science (LNCS 7700)},
  publisher = {Springer},
  year = {2012},
  url = {http://leon.bottou.org/papers/bottou-tricks-2012},
}

@article{Nocedal:1995,
author = {Richard H. Byrd and Peihuang Lu and Jorge Nocedal and Ciyou Zhu},
title = {A Limited Memory Algorithm for Bound Constrained Optimization},
journal = {SIAM Journal on Scientific Computing},
volume = {16},
number = {5},
pages = {1190-1208},
year = {1995}
}
@ARTICLE{Nishihara:2015,
   author = {{Nishihara}, R. and {Lessard}, L. and {Recht}, B. and {Packard}, A. and 
	{Jordan}, M.~I.},
    title = "{A General Analysis of the Convergence of ADMM}",
  journal = {ArXiv e-prints},
archivePrefix = "arXiv",
   eprint = {1502.02009},
     year = 2015,
    month = feb,
  
}


@article{Wang2015,
  author    = {Dayong Wang and
               Pengcheng Wu and
               Peilin Zhao and
               Steven C. H. Hoi},
  title     = {A Framework of Sparse Online Learning and Its Applications},
  journal   = {CoRR},
  volume    = {abs/1507.07146},
  year      = {2015},
  url       = {http://arxiv.org/abs/1507.07146},
}

@INPROCEEDINGS{Chai:2004, 
author={Xiaoyong Chai and Lin Deng and Qiang Yang and Ling, C.X.}, 
booktitle={Data Mining, 2004. ICDM '04. Fourth IEEE International Conference on}, 
title={Test-cost sensitive naive Bayes classification}, 
year={2004}, 
pages={51-58}, 
month={Nov},}

@inproceedings{Ling:2004,
 author = {Ling, Charles X. and Yang, Qiang and Wang, Jianning and Zhang, Shichao},
 title = {Decision Trees with Minimal Costs},
 booktitle = {Proceedings of the Twenty-first International Conference on Machine Learning},
 series = {ICML '04},
 year = {2004},
 isbn = {1-58113-838-5},
 location = {Banff, Alberta, Canada},
 pages = {69--},
  publisher = {ACM},
 address = {New York, NY, USA},
} 

@Inbook{Drummond2005,
author="Drummond, Chris
and Holte, Robert C.",
chapter="Severe Class Imbalance: Why Better Algorithms Aren't the Answer",
title="Machine Learning: ECML 2005: 16th European Conference on Machine Learning, Porto, Portugal, October 3-7, 2005. Proceedings",
year="2005",
publisher="Springer Berlin Heidelberg",
address="Berlin, Heidelberg",
pages="539--546",
}


@inproceedings{Goh:2001,
 author = {Goh, King-Shy and Chang, Edward and Cheng, Kwang-Ting},
 title = {SVM Binary Classifier Ensembles for Image Classification},
 booktitle = {Proceedings of the Tenth International Conference on Information and Knowledge Management},
 series = {CIKM '01},
 year = {2001},
 isbn = {1-58113-436-3},
 location = {Atlanta, Georgia, USA},
 pages = {395--402},
 numpages = {8},
  publisher = {ACM},
 address = {New York, NY, USA},
} 

@INPROCEEDINGS{ckm2014,
author={Maurya, C.K. and Toshniwal, D.},
booktitle={IEEE Students' Technology Symposium (TechSym), at IIT Kharragpur},
title={Anomaly detection in nuclear power plant data using support vector data description},
year={2014},
month={Feb},
pages={82-86},
doi={10.1109/TechSym.2014.6807919}

}

@inproceedings{Rodner2011,
  author    = {Erik Rodner and
               Esther{-}Sabrina Wacker and
               Michael Kemmler and
               Joachim Denzler},
  title     = {One-Class Classification for Anomaly Detection in Wire Ropes with
               Gaussian Processes in a Few Lines of Code},
  booktitle = {Proceedings of the {IAPR} Conference on Machine Vision Applications
               {(IAPR} {MVA} 2011), Nara Centennial Hall, Nara, Japan, June 13-15,
               2011},
  year      = {2011},
  pages     = {219--222},
    timestamp = {Sun, 26 Oct 2014 04:50:31 +0100}
}


@proceedings{Rose2014,
  editor    = {Sofus A. Macskassy and
               Claudia Perlich and
               Jure Leskovec and
               Wei Wang and
               Rayid Ghani},
  title     = {The 20th {ACM} {SIGKDD} International Conference on Knowledge Discovery
               and Data Mining, {KDD} '14, New York, NY, {USA} - August 24 - 27,
               2014},
  year      = {2014},
  publisher = {{ACM}}
 
}
@ARTICLE{Guttormsson1999, 
author={Guttormsson, S.E. and Marks, R.J.}, 
journal={Energy Conversion, IEEE Transactions on}, 
title={Elliptical novelty grouping for on-line short-turn detection of excited running rotors}, 
year={1999}, 
volume={14}, 
number={1}, 
pages={16-22}, 
doi={10.1109/60.749142}, 
ISSN={0885-8969}}


@inproceedings{Bolton2001,
  added-at = {2008-12-15T00:06:50.000+0100},
  author = {Bolton, Richard J. and H, David J.},
  biburl = {http://www.bibsonomy.org/bibtex/2eb55731e5bbb9ea94065cf91d0721733/jamesh},
  booktitle = {Proc. Credit Scoring and Credit Control VII},
  description = {Unsupervised profiling methods for fraud detection},
  interhash = {fd6cbf8b3e21ab6e77ed30494a98265d},
  intrahash = {eb55731e5bbb9ea94065cf91d0721733},
  keywords = {classification fraud},
  pages = {5--7},
  timestamp = {2008-12-15T00:06:50.000+0100},
  title = {Unsupervised profiling methods for fraud detection},
  year = 2001
}


@Article{Byers1998,
  author =       "Simon Byers and Adrian E. Raftery",
  title =        "Nearest Neighbor Clutter Removal for Estimating
                 Features in Spatial Point Processes",
  journal =      j-J-AM-STAT-ASSOC,
  volume =       "93",
  number =       "442",
  pages =        "577--584",
  month =        jun,
  year =         "1998",
  CODEN =        "JSTNAL",
  ISSN =         "0162-1459 (print), 1537-274X (electronic)",
  ISSN-L =       "0162-1459",
  bibdate =      "Mon Oct 30 06:57:37 MST 2000",
 journal =     "Journal of the American Statistical Association",
}

@INPROCEEDINGS{Song2010, 
author={ Song, G. and   Jin, X. and  Chen G. and Nie ,Y.}, 
booktitle={ IEEE Conference on Intelligent Systems and Knowledge Engineering (ISKE) }, 
title={Multiple kernel learning method for network anomaly detection }, 
year={2010}, 
pages={296-299}, 
doi={10.1109/ISKE.2010.5680860}, 
ISSN={978-1-4244-6791-4 },
}

@INPROCEEDINGS{Mahadevan2010, 
author={Mahadevan, V. and Weixin Li and Bhalodia, V. and Vasconcelos, N.}, 
booktitle={IEEE Conference on Computer Vision and Pattern Recognition (CVPR)}, 
title={Anomaly detection in crowded scenes}, 
year={2010}, 
pages={1975-1981}, 
doi={10.1109/CVPR.2010.5539872}, 
ISSN={1063-6919},
}


@article{Cabrera2008,
 author = {Cabrera, Jo\~{a}o B. D. and Guti{\'e}rrez, Carlos and Mehra, Raman K.},
 title = {Ensemble methods for anomaly detection and distributed intrusion detection in Mobile Ad-Hoc Networks},
 journal = {Information Fusion, Elsevier},
 volume = {9},
 number = {1},
 year = {2008},
 issn = {1566-2535},
 pages = {96--119},
 numpages = {24},
 doi = {10.1016/j.inffus.2007.03.001},
 acmid = {1297580},
 publisher = {Elsevier Science Publishers B. V.},
 address = {Amsterdam, The Netherlands, The Netherlands},
 
} 
@inproceedings{Noto2010,
 author = {Noto, Keith and Brodley, Carly and Slonim, Donna},
 title = {Anomaly Detection Using an Ensemble of Feature Models},
 booktitle = {Proceedings of the 2010 IEEE International Conference on Data Mining},
 series = {ICDM '10},
 year = {2010},
 isbn = {978-0-7695-4256-0},
 pages = {953--958},
 numpages = {6},

 doi = {10.1109/ICDM.2010.140},
 acmid = {1934609},
 publisher = {IEEE Computer Society},
 address = {Washington, DC, USA},
 keywords = {anomaly detection, machine learning, feature selection},
} 

@incollection{Larry2011,
year={2011},
isbn={978-3-642-21556-8},
booktitle={Multiple Classifier Systems},
volume={6713},
series={Lecture Notes in Computer Science},
editor={Sansone, Carlo and Kittler, Josef and Roli, Fabio},
doi={10.1007/978-3-642-21557-5_3},
title={Anomaly Detection Using Ensembles},
url={http://dx.doi.org/10.1007/978-3-642-21557-5_3},
publisher={Springer Berlin Heidelberg},
keywords={outliers; anomalies; random forests; data partitioning; ROC curves},
author={Shoemaker, Larry and Hall, LawrenceO.},
pages={6-15}
}
@inproceedings{Lazarevic2005,
 author = {Lazarevic, Aleksandar and Kumar, Vipin},
 title = {Feature bagging for outlier detection},
 booktitle = {Proceedings of the eleventh ACM SIGKDD international conference on Knowledge discovery in data mining},
 series = {KDD '05},
 year = {2005},
 isbn = {1-59593-135-X},
 location = {Chicago, Illinois, USA},
 pages = {157--166},
 numpages = {10},
 
 doi = {10.1145/1081870.1081891},
 acmid = {1081891},
 publisher = {ACM},
 address = {New York, NY, USA},
 keywords = {bagging, detection rate, false alarm, feature subsets, integration, outlier detection},
} 
@inproceedings{Aouf2012,
 author = {Aouf, Mazin and Park, Laurence A. F.},
 title = {Approximate document outlier detection using random spectral projection},
 booktitle = {Proceedings of the 25th Australasian joint conference on Advances in Artificial Intelligence},
 series = {AI'12},
 year = {2012},
 isbn = {978-3-642-35100-6},
 location = {Sydney, Australia},
 pages = {579--590},
 numpages = {12},
 
 doi = {10.1007/978-3-642-35101-3_49},
 acmid = {2436882},
 publisher = {Springer-Verlag},
 address = {Berlin, Heidelberg},
} 
@inproceedings{Huan2010,
    author = {Xu, Huan and Caramanis, Constantine and Sanghavi, Sujay},
    booktitle = {NIPS},
   editor = {Lafferty, John D. and Williams, Christopher K. I. and Shawe-Taylor, John and Zemel, Richard S. and Culotta, Aron},
  ee = {http://books.nips.cc/papers/files/nips23/NIPS2010_0849.pdf},
   keywords = {dblp},
  pages = {2496-2504},
  publisher = {Curran Associates, Inc.},
  timestamp = {2011-11-14T00:00:00.000+0100},
  title = {Robust PCA via Outlier Pursuit.},
 
  year = 2010
}


@inproceedings{Hubert2005,
    author = {Mia Hubert and Peter J. Rousseeuw and Karlien Vanden Branden},
    title = {ROBPCA: a New Approach to Robust Principal Component Analysis},
    publisher = {Technometrics},
      pages={64-79},
       year = {2005} 
}
@inproceedings{Muller2012,
   author = {Müller, Emmanuel and Assent, Ira and Iglesias, Patricia and Mülle, Yvonne and Böhm, Klemens},
   booktitle = {ICDM},
   pages = {529-538},
  publisher = {IEEE Computer Society},
  title = {Outlier Ranking via Subspace Analysis in Multiple Views of the Data.},
    year = 2012
}



@inproceedings{Wang2013,
 author = {Wang, Fei and Chawla, Sanjay and Surian, Didi},
 title = {Latent outlier detection and the low precision problem},
 booktitle = {Proceedings of the ACM SIGKDD Workshop on Outlier Detection and Description},
 series = {ODD '13},
 year = {2013},
 isbn = {978-1-4503-2335-2},
 location = {Chicago, Illinois},
 pages = {46--52},
 numpages = {7},
 doi = {10.1145/2500853.2500862},
 acmid = {2500862},
 publisher = {ACM},
 address = {New York, NY, USA},
} 

@incollection{Allan2008,
year={2008},
isbn={978-1-84800-045-2},
booktitle={Survey of Text Mining II},
editor={Berry, MichaelW. and Castellanos, Malu},
doi={10.1007/978-1-84800-046-9_11},
title={Anomaly Detection Using Nonnegative Matrix Factorization},
publisher={Springer London},
author={Allan, EdwardG. and Horvath, MichaelR. and Kopek, ChristopherV. and Lamb, BrianT. and Whaples, ThomasS. and Berry, MichaelW.},
pages={203-217}
}
@INPROCEEDINGS{Liang2011 ,
author={Liang Xiong and Xi Chen and Schneider, J.}, 
booktitle={ 11th International Conference on Data Mining (ICDM),IEEE}, 
title={Direct Robust Matrix Factorizatoin for Anomaly Detection}, 
year={2011}, 
pages={844-853}, 
doi={10.1109/ICDM.2011.52}, 
ISSN={1550-4786},}

@INPROCEEDINGS{Kim2007,
    author = {Dongmin Kim and Suvrit Sra and Inderjit S. Dhillon},
    title = {Fast Newton-type methods for the least squares nonnegative matrix approximation problem},
    booktitle = {Proceedings of SIAM Conference on Data Mining },
    year = {2007},
    pages = {343--354}
}

@INPROCEEDINGS{Berry2006,
    author = {Michael W. Berry and Murray Browne and Amy N. Langville and V. Paul Pauca and Robert J. Plemmons},
    title = {Algorithms and applications for approximate nonnegative matrix factorization},
    booktitle = {Computational Statistics and Data Analysis},
    year = {2006},
    pages = {155--173}
}
@TECHREPORT{Lin07projectedgradient,
    author = {Chih-jen Lin},
    title = {Projected gradient methods for non-negative matrix factorization},
    institution = {Neural Computation},
    year = {2007}
}
@article{Lin2007,
 author = {Lin, Chih Jen},
 title = {On the Convergence of Multiplicative Update Algorithms for Nonnegative Matrix Factorization},
 journal = {Trans. Neur. Netw.},
 issue_date = {November 2007},
 volume = {18},
 number = {6},
 month = nov,
 year = {2007},
 issn = {1045-9227},
 pages = {1589--1596},
 numpages = {8},
  doi = {10.1109/TNN.2007.895831},
 acmid = {2327965},
 publisher = {IEEE Press},
 address = {Piscataway, NJ, USA},
} 
@INPROCEEDINGS{Lee1999,
    author = {Daniel D. Lee and H. Sebastian Seung},
    title = {Algorithms for Non-negative Matrix Factorization},
    booktitle = { NIPS},
    year = {2000},
    pages = {556--562},
    publisher = {MIT Press}
}

@article{Goernitz2013,
  added-at = {2013-02-27T00:00:00.000+0100},
  author = {Goernitz, N. and Kloft, Marius and Rieck, Konrad and Brefeld, Ulf},
  journal = {J. Artif. Intell. Res. (JAIR)},
  keywords = {dblp},
  pages = {235-262},
  timestamp = {2013-02-27T00:00:00.000+0100},
  title = {Toward Supervised Anomaly Detection.},
   volume = 46,
  year = 2013
}
@article{Rodner2013,
  author    = {Michael Kemmler and
               Erik Rodner and
               Esther{-}Sabrina Wacker and
               Joachim Denzler},
  title     = {One-class classification with Gaussian processes},
  journal   = {Pattern Recognition},
  volume    = {46},
  number    = {12},
  pages     = {3507--3518},
  year      = {2013},
   doi       = {10.1016/j.patcog.2013.06.005},
  timestamp = {Mon, 19 Aug 2013 10:36:56 +0200},
  biburl    = {http://dblp.uni-trier.de/rec/bib/journals/pr/KemmlerRWD13},
  bibsource = {dblp computer science bibliography, http://dblp.org}
}


@article{Liu2013,
  added-at = {2013-02-18T00:00:00.000+0100},
  author = {Liu, Bo and Xiao, Yanshan and Cao, Longbing and Hao, Zhifeng and Deng, Feiqi},
  journal = {Knowledge and Information Systems, Springer},
  keywords = {dblp},
  number = {3},
  pages = {597-618},
  timestamp = {2013-02-18T00:00:00.000+0100},
  title = {SVDD-based outlier detection on uncertain data.},
  
  volume = 34,
  year = 2013
}

@book{Taylor2004,
 author = {Shawe-Taylor, John and Cristianini, Nello},
 title = {Kernel Methods for Pattern Analysis},
 year = {2004},
 isbn = {0521813972},
 publisher = {Cambridge University Press},
 address = {New York, NY, USA},
} 


@article{Tax2004,
  author    = {David M. J. Tax and
               Robert P. W. Duin},
  title     = {Support Vector Data Description},
  journal   = {Machine Learning},
  volume    = {54},
  number    = {1},
  year      = {2004},
  pages     = {45-66},
   bibsource = {DBLP, http://dblp.uni-trier.de}
}
@article{Kloft2011,
 author = {Kloft, Marius and Brefeld, Ulf and Sonnenburg, S\"{o}ren and Zien, Alexander},
 title = {Lp-Norm Multiple Kernel Learning},
 journal = {Journal of Machine Learning Research (JMLR)},
 issue_date = {2/1/2011},
 volume = {12},
 month = jul,
 year = {2011},
 issn = {1532-4435},
 pages = {953--997},
 numpages = {45},
 
 acmid = {2021033},
 publisher = {JMLR.org},
} 

@inproceedings{Varma2009,
 author = {Varma, Manik and Babu, Bodla Rakesh},
 title = {More generality in efficient multiple kernel learning},
 booktitle = {Proceedings of the 26th Annual International Conference on Machine Learning},
 series = {ICML '09},
 year = {2009},
 isbn = {978-1-60558-516-1},
 location = {Montreal, Quebec, Canada},
 pages = {1065--1072},
 numpages = {8},
  doi = {10.1145/1553374.1553510},
 acmid = {1553510},
 publisher = {ACM},
 address = {New York, NY, USA},
} 

@book{Smola2001,
 author = {Scholkopf, Bernhard and Smola, Alexander J.},
 title = {Learning with Kernels: Support Vector Machines, Regularization, Optimization, and Beyond},
 year = {2001},
 isbn = {0262194759},
 publisher = {MIT Press},
 address = {Cambridge, MA, USA},
} 

@inproceedings{Bach2004,
 author = {Bach, Francis R. and Lanckriet, Gert R. G. and Jordan, Michael I.},
 title = {Multiple kernel learning, conic duality, and the SMO algorithm},
 booktitle = {Proceedings of the twenty-first international conference on Machine learning},
 series = {ICML '04},
 year = {2004},
 isbn = {1-58113-838-5},
 location = {Banff, Alberta, Canada},
 pages = {6--},
  doi = {10.1145/1015330.1015424},
  publisher = {ACM},
 address = {New York, NY, USA},
} 



@incollection{Johnson1984,
    author = {Johnson, William and Lindenstrauss, Joram},
    booktitle = {Conference in modern analysis and probability (New Haven, Conn., 1982)},
     pages = {189--206},
    publisher = {American Mathematical Society},
    series = {Contemporary Mathematics},
    title = {Extensions of {L}ipschitz mappings into a {H}ilbert space},
    volume = {26},
    year = {1984}
}



@INPROCEEDINGS{Keogh2004,
    author = {Eamonn Keogh and Stefano Lonardi and Chotirat Ann Ratanamahatana},
    title = {Towards parameter-free data mining},
    booktitle = {Proc. 10th ACM SIGKDD Intn’l Conf. Knowledge Discovery and Data Mining},
    year = {2004},
    pages = {206--215},
    publisher = {ACM Press}
}

@INPROCEEDINGS{Guha1999, 
author={Guha, S. and Rastogi, R. and Kyuseok Shim}, 
booktitle={  Proceedings15th International Conference on Data Engineering, 1999. }, 
title={ROCK: a robust clustering algorithm for categorical attributes}, 
year={1999}, 
pages={512-521}, 
}


@INPROCEEDINGS{Ester1996,
    author = {Martin Ester and Hans-peter Kriegel and Jörg S and Xiaowei Xu},
    title = {A density-based algorithm for discovering clusters in large spatial databases with noise},
    booktitle = {},
    year = {1996},
    pages = {226--231},
    publisher = {AAAI Press}
}
@article{He2003,
 author = {He, Z. and Xu, X. and Deng, S.},
 title = {Discovering cluster-based local outliers},
 journal = {Pattern recognition letters},
 volume = {24},
 number = {9-10},
 year = {2003},
 pages = {1641-1650},
 numpages = {9},
  
} 
@article{Bentley1975,
 author = {Bentley, Jon Louis},
 title = {Multidimensional binary search trees used for associative searching},
 journal = {Commun. ACM},
 issue_date = {Sept. 1975},
 volume = {18},
 number = {9},
 month = sep,
 year = {1975},
 issn = {0001-0782},
 pages = {509--517},
 numpages = {9},
 doi = {10.1145/361002.361007},
 acmid = {361007},
 publisher = {ACM},
 address = {New York, NY, USA},
 
} 

@article{Ting2013,
year={2013},
issn={0219-1377},
journal={Knowledge and Information Systems},
volume={35},
number={3},
doi={10.1007/s10115-013-0612-3},
title={DEMass: a new density estimator for big data},
publisher={Springer-Verlag},
author={Ting, KaiMing and Washio, Takashi and Wells, JonathanR. and Liu, FeiTony and Aryal, Sunil},
pages={493-524},

}

@INPROCEEDINGS{Breunig2000,
    author = {Markus Breunig and Hans Peter Kriegel and Raymond T. Ng and Jörg Sander},
    title = {LOF: Identifying Density-Based Local Outliers},
    booktitle = {Proceedings of the 2000 ACM SIGMOD international conference on management of data},
    year = {2000},
    pages = {93--104},
    publisher = {ACM}
}

@INPROCEEDINGS{Roth2005,
    author = {Volker Roth},
    title = {Outlier detection with one-class kernel fisher discriminants},
    booktitle = {Advances in Neural Information Processing Systems 17},
    year = {2005},
    pages = {1169--1176},
    publisher = {MIT Press}
}

@inproceedings{Amer2013,
 author = {Amer, Mennatallah and Goldstein, Markus and Abdennadher, Slim},
 title = {Enhancing one-class support vector machines for unsupervised anomaly detection},
 booktitle = {Proceedings of the ACM SIGKDD Workshop on Outlier Detection and Description},
 series = {ODD '13},
 year = {2013},
 isbn = {978-1-4503-2335-2},
 location = {Chicago, Illinois},
 pages = {8--15},
 numpages = {8},
  doi = {10.1145/2500853.2500857},
 publisher = {ACM},
 address = {New York, NY, USA},
 } 


@ARTICLE{Ratsch2002, 
author={Ratsch, G. and Mika, S. and Scholkopf, B. and Muller, K.}, 
journal={ IEEE Transactions on Pattern Analysis and Machine Intelligence}, 
title={Constructing boosting algorithms from SVMs: an application to one-class classification}, 
year={2002}, 
volume={24}, 
number={9}, 
pages={1184-1199}, 
}

@INPROCEEDINGS{ Fan2001, 
author={Wei Fan and Miller, M. and Stolfo, S.J. and Wenke Lee and Chan, P.K.}, 
booktitle={ Proceedings of International Conference on Data Mining( ICDM), IEEE}, 
title={Using artificial anomalies to detect unknown and known network intrusions}, 
year={2001}, 
pages={123-130}, 
}

@inproceedings{Agrawal1995,
 author = {Agrawal, Rakesh and Srikant, Ramakrishnan},
 title = {Mining Sequential Patterns},
 booktitle = {Proceedings of the Eleventh International Conference on Data Engineering},
 series = {ICDE '95},
 year = {1995},
 isbn = {0-8186-6910-1},
 pages = {3--14},
 numpages = {12},
  acmid = {655281},
 publisher = {IEEE Computer Society},
 address = {Washington, DC, USA}
} 
@INPROCEEDINGS{Davy2002, 
author={Davy, Manuel and Godsill, S.}, 
booktitle={ IEEE International Conference on Acoustics, Speech, and Signal Processing (ICASSP), 2002}, 
title={Detection of abrupt spectral changes using support vector machines an application to audio signal segmentation}, 
year={2002}, 
volume={2}, 
pages={II-1313-II-1316}, 
keywords={Face;Kernel;Time frequency analysis;Training;Xenon}, 
doi={10.1109/ICASSP.2002.5744044}, 
ISSN={1520-6149},
}


@article{Vapnik1995,
  author    = {Corinna Cortes and
               Vladimir Vapnik},
  title     = {Support-Vector Networks},
  journal   = {Machine Learning},
  volume    = {20},
  number    = {3},
  year      = {1995},
  pages     = {273-297},
  ee        = {http://dx.doi.org/10.1007/BF00994018},
  bibsource = {DBLP, http://dblp.uni-trier.de}
}

@inproceedings{Das2007,
 author = {Das, Kaustav and Schneider, Jeff},
 title = {Detecting anomalous records in categorical datasets},
 booktitle = {Proceedings of the 13th ACM SIGKDD international conference on Knowledge discovery and data mining},
 series = {KDD '07},
 year = {2007},
 isbn = {978-1-59593-609-7},
 location = {San Jose, California, USA},
 pages = {220--229},
 numpages = {10},
  doi = {10.1145/1281192.1281219},
 publisher = {ACM},
 address = {New York, NY, USA},
 
} 

@inproceedings{Siaterlis2004,
 author = {Siaterlis, Christos and Maglaris, Basil},
 title = {Towards multisensor data fusion for DoS detection},
 booktitle = {Proceedings of the 2004 ACM symposium on Applied computing},
 series = {SAC '04},
 year = {2004},
 isbn = {1-58113-812-1},
 location = {Nicosia, Cyprus},
 pages = {439--446},
 numpages = {8},
  doi = {10.1145/967900.967992},
 publisher = {ACM},
 address = {New York, NY, USA},

} 


@ARTICLE{Stefano2000, 
author={De Stefano, C. and Sansone, C. and Vento, M.}, 
journal={IEEE Transactions on Systems, Man, and Cybernetics, Part C: Applications and Reviews}, 
title={To reject or not to reject: that is the question-an answer in case of neural classifiers}, 
year={2000}, 
volume={30}, 
number={1}, 
pages={84-94}, 
}


@article{Vries2012,
 author = {de Vries, Timothy and Chawla, Sanjay and Houle, Michael E.},
 title = {Density-preserving projections for large-scale local anomaly detection},
 journal = {Knowledge and Information Systems, Springer},
 issue_date = {July 2012},
 volume = {32},
 number = {1},
 month = jul,
 year = {2012},
 issn = {0219-1377},
 pages = {25--52},
 numpages = {28},
 doi = {10.1007/s10115-011-0430-4},
 acmid = {2349125},
 publisher = {Springer-Verlag New York, Inc.},
 address = {New York, NY, USA},
 keywords = {Dimensionality reduction},
} 


@inproceedings{Charu2001,
 author = {Aggarwal, Charu C. and Yu, Philip S.},
 title = {Outlier Detection for High Dimensional Data},
 booktitle = {Proceedings of the 2001 ACM SIGMOD International Conference on Management of Data},
 series = {SIGMOD '01},
 year = {2001},
 isbn = {1-58113-332-4},
 location = {Santa Barbara, California, USA},
 pages = {37--46},
 numpages = {10},
 doi = {10.1145/375663.375668},
 acmid = {375668},
 publisher = {ACM},
 address = {New York, NY, USA},
} 


@inproceedings{Das2010,
 author = {Das, Santanu and Matthews, Bryan L. and Srivastava, Ashok N. and Oza, Nikunj C.},
 title = {Multiple kernel learning for heterogeneous anomaly detection: algorithm and aviation safety case study},
 booktitle = {Proceedings of the 16th ACM SIGKDD international conference on Knowledge discovery and data mining},
 series = {KDD '10},
 year = {2010},
 isbn = {978-1-4503-0055-1},
 location = {Washington, DC, USA},
 pages = {47--56},
 numpages = {10},
 doi = {10.1145/1835804.1835813},
 acmid = {1835813},
 publisher = {ACM},
 address = {New York, NY, USA},
}
@inproceedings{Sun2007,
 author = {Sun,J., Xie, Y., Zhang, H., and Falaoutsos},
 title = {Less is more: Compact matrix representation of large sparse graphs. },
 booktitle = {Proceedings of 7th SIAM International Conference on Data Mining .},
 series = {SIAM '07},
 year = {2007},
 publisher = {SIAM}
}
@inproceedings{Shyu2003,
 author = {Shyu, M.-L,  Chen, S.-C, Sarinnapakorn, K., and Cheng, L.},
 title = {A novel anomaly detection scheme based on principal component classifier.},
 booktitle = {Proceedings of 3rd IEEE International Conference on Data Mining . },
 series = {ICDM '03},
 year = {2003},
 pages = {353-365},
 publisher = {IEEE}
}

@article{Edgeworth1887,
author = {Edgeworth, F.Y.},
title = {XLI. On discordant observations},
journal = {Philosophical Magazine Series 5},
volume = {23},
number = {143},
pages = {364-375},
year = {1887},
doi = {10.1080/14786448708628471}
}


@article{Gunter2007,
  author    = {Simon Gunter and
               Nicol N. Schraudolph and
               S. V. N. Vishwanathan},
  title     = {Fast Iterative Kernel Principal Component Analysis},
  journal   = {Journal of Machine Learning Research},
  volume    = {8},
  year      = {2007},
  pages     = {1893-1918},
 
}

@article{nico2013,
  title={Toward Supervised Anomaly Detection},
  author={Nico Görnitz,Marius Kloft, Konrad Rieck and Ulf Brefeld},
  journal={Journal of Artificial Intelligence Research },
  volume={46},
  pages={235-262},
  year={2013},
  publisher={JAIR. org}
}

@misc{bworld,
  author = {Dhananjay Nene},
  title = {Anomaly Detection},
  howpublished = "\url{http://dnene.bitbucket.org/docs/mlclass-notes/lecture16.html}",
  year = {2011}
}

@article{Blanchard2010,
  title={Semi-supervised novelty detection},
  author={Blanchard, Gilles and Lee, Gyemin and Scott, Clayton},
  journal={The Journal of Machine Learning Research},
  volume={11},
  pages={2973--3009},
  year={2010},
  publisher={JMLR. org}
}
@Techreport{bay2004,
    author  = "S. Bay and K. Saito and N. Ueda and P. Langley",
    title   = "A framework for discovering anomalous regimes in multivariate time-series data with local models",
    year    = "2004",
   institution = "Stanford University"
}
@Techreport{Varun2009,
    author  = "V. Chandola and B. A. and V. kumar",
    title   = "Anomaly detection: A survey",
    year    = "2009",
    publisher = {ACM},
      institution = "University of Minnesota"
}
@article{han2000data,
  title={Data mining: concepts and techniques (the Morgan Kaufmann Series in data management systems)},
  author={Han, Jiawei and Kamber, Micheline},
  year={2000},
  publisher={Morgan Kaufmann}
}
@article{DBLP:journals/ida/AgyemangBA06,
  author    = {Malik Agyemang and
               Ken Barker and
               Reda Alhajj},
  title     = {A comprehensive survey of numeric and symbolic outlier mining
               techniques},
  journal   = {Intell. Data Anal.},
  volume    = {10},
  number    = {6},
  year      = {2006},
  pages     = {521-538},
  ee        = {http://iospress.metapress.com/content/aqh7h1r9hca8q7t5/},
  bibsource = {DBLP, http://dblp.uni-trier.de}
}
@article{hodge2004survey,
  title={A survey of outlier detection methodologies},
  author={Hodge, Victoria and Austin, Jim},
  journal={Artificial Intelligence Review},
  volume={22},
  number={2},
  pages={85--126},
  year={2004},
  publisher={Springer}
}


@inproceedings{DBLP:conf/icdm/KeoghLF05,
  author    = {Eamonn J. Keogh and  Jessica Lin and
               Ada Wai-Chee Fu},
  title     = {HOT SAX: Efficiently Finding the Most Unusual Time Series
               Subsequence},
  booktitle = {International Conference on Data Mining(ICDM)},
  year      = {2005},
  pages     = {226-233},
  ee        = {http://doi.ieeecomputersociety.org/10.1109/ICDM.2005.79},
  bibsource = {DBLP, http://dblp.uni-trier.de}
}

@proceedings{DBLP:conf/kdd/2002,
author    = {E. Keogh and S. Lonardi, and B. Chiu},
  title     = {Finding surprising
patterns in a time series database in linear time and space.},
  booktitle = {KDD},
  publisher = {ACM},
  year      = {2002},
  isbn      = {1-58113-567-X},
  bibsource = {DBLP, http://dblp.uni-trier.de}
}

@proceedings{DBLP:conf/kdd/2005,
author={M. Mahoney and P. Chan},
  title     = {Trajectory boundary modeling of
time series for anomaly detection},
  booktitle = {KDD},
  publisher = {ACM},
  year      = {2005}, 
  bibsource = {DBLP, http://dblp.uni-trier.de}
}
@inproceedings{DBLP:conf/ssdbm/WeiKLKLR05,
  author    = {Li Wei and
               Nitin Kumar and
               Venkata Nishanth Lolla and
               Eamonn J. Keogh and
               Stefano Lonardi and
               Chotirat (Ann) Ratanamahatana},
  title     = {Assumption-Free Anomaly Detection in Time Series},
  booktitle = {SSDBM},
  year      = {2005},
  pages     = {237-240},
    bibsource = {DBLP, http://dblp.uni-trier.de}
}
@inproceedings{DBLP:conf/kdd/YamanishiT02,
  author    = {Kenji Yamanishi and
               Jun-ichi Takeuchi},
  title     = {A unifying framework for detecting outliers and change points
               from non-stationary time series data},
  booktitle = {KDD},
  year      = {2002},
  pages     = {676-681},
  ee        = {http://doi.acm.org/10.1145/775047.775148},
  
  bibsource = {DBLP, http://dblp.uni-trier.de}
}

@book{Vipin2005,
 author = {Tan, Pang-Ning and Steinbach, Michael and Kumar, Vipin},
 title = {Introduction to Data Mining, (First Edition)},
 year = {2005},
 isbn = {0321321367},
 publisher = {Addison-Wesley Longman Publishing Co., Inc.},
 address = {Boston, MA, USA},
} 
@inproceedings{DBLP:conf/sdm/ChengTPK09,
  author    = {Haibin Cheng and
               Pang-Ning Tan and
               Christopher Potter and
               Steven A. Klooster},
  title     = {Detection and Characterization of Anomalies in Multivariate
               Time Series},
  booktitle = {SDM},
  year      = {2009},
  pages     = {413-424},
  ee        = {http://www.siam.org/proceedings/datamining/2009/dm09_040_chengh.pdf},
  
  bibsource = {DBLP, http://dblp.uni-trier.de}
}

@unpublished{Shuothesis:2011,
           title = {Ensemble diversity for class imbalance learning},
          school = {University of Birmingham},
          author = {Shuo Wang},
            year = {2011},
        keywords = {class imbalance learning, ensemble learning, negative correlation learning, diversity},
             url = {http://etheses.bham.ac.uk/1793/}
}

@INPROCEEDINGS{Rong2003, 
author={Rong Yan and Yan Liu and Rong Jin and Hauptmann, Alex}, 
booktitle={Acoustics, Speech, and Signal Processing, 2003. Proceedings. (ICASSP '03). 2003 IEEE International Conference on}, 
title={On predicting rare classes with SVM ensembles in scene classification}, 
year={2003}, 
volume={3}, 
pages={III-21-4 vol.3}, 
ISSN={1520-6149}, 
month={April},}



@Inbook{Yuan2012,
author="Yuan, Bo
and Liu, Wenhuang",
chapter="A Measure Oriented Training Scheme for Imbalanced Classification Problems",
title="New Frontiers in Applied Data Mining: PAKDD 2011 International Workshops, Shenzhen, China, May 24-27, 2011, Revised Selected Papers",
year="2012",
publisher="Springer Berlin Heidelberg",
address="Berlin, Heidelberg",
pages="293--303",
isbn="978-3-642-28320-8"
}


@ARTICLE{Li2013, 
author={Li, Nan and Tsang, Ivor W. and Zhou, Zhi-Hua}, 
journal={Pattern Analysis and Machine Intelligence, IEEE Transactions on}, 
title={Efficient Optimization of Performance Measures by Classifier Adaptation}, 
year={2013}, 
volume={35}, 
number={6}, 
pages={1370-1382}, 
ISSN={0162-8828}, 
month={June}
}


@Inbook{Cao2013,
author="Cao, Peng
and Zhao, Dazhe
and Zaiane, Osmar",
chapter="An Optimized Cost-Sensitive SVM for Imbalanced Data Learning",
title="Advances in Knowledge Discovery and Data Mining: 17th Pacific-Asia Conference, PAKDD 2013, Gold Coast, Australia, April 14-17, 2013, Proceedings, Part II",
year="2013",
publisher="Springer Berlin Heidelberg",
address="Berlin, Heidelberg",
pages="280--292",
isbn="978-3-642-37456-2"
}


@article{Boyd:2010,
year = {2010},
volume = {3},
journal = {Foundations and Trends® in Machine Learning},
title = {Distributed Optimization and Statistical Learning via the Alternating Direction Method of Multipliers},
issn = {1935-8237},
number = {1},
pages = {1-122},
author = {Stephen Boyd and Neal Parikh and Eric Chu and Borja Peleato and Jonathan Eckstein}
}

@article{Manevitz:2002,
 author = {Manevitz, Larry M. and Yousef, Malik},
 title = {One-class Svms for Document Classification},
 journal = {J. Mach. Learn. Res.},
 issue_date = {3/1/2002},
 volume = {2},
 month = mar,
 year = {2002},
 issn = {1532-4435},
 pages = {139--154},
 numpages = {16},
 publisher = {JMLR.org},
} 


@inproceedings{Gary:2007,
  author = {Weiss, Gary and McCarthy, Kate and Zabar, Bibi},
  booktitle = {DMIN},
  date = {2007-12-20},
  pages = {35-41},
  publisher = {CSREA Press},
  title = {Cost-Sensitive Learning vs. Sampling: Which is Best for Handling Unbalanced Classes with Unequal Error Costs?},
  year = 2007
}



@ARTICLE{Ajith:2013,
    author = {{Elrahman}, Shaza. M. ~A. and {Abraham}, A. },
    title = {A Review of Class Imbalance Problem},
    journal = {Journal of Network and Innovative Computing},
   year = 2013,
   pages={332-340},
  issn = {2160-2174}
}

@ARTICLE{Ling:2008,
    author = {{Ling}, C. X. and {Sheng}, V.S. },
    title = {Cost-Sensitive Learning and the Class Imbalance Problem},
    journal = {Encyclopedia of Machine Learning},
   publisher={springer},
    year = 2008,
  }




@inproceedings{Joachims:2005,
 author = {Joachims, Thorsten},
 title = {A Support Vector Method for Multivariate Performance Measures},
 booktitle = {Proceedings of the 22Nd International Conference on Machine Learning},
 series = {ICML '05},
 year = {2005},
 isbn = {1-59593-180-5},
 location = {Bonn, Germany},
 pages = {377--384},
 numpages = {8},
 publisher = {ACM},
 address = {New York, NY, USA}
} 


@ARTICLE{Shuo:2015, 
author={Shuo Wang and Minku, L.L. and Xin Yao}, 
journal={Knowledge and Data Engineering, IEEE Transactions on}, 
title={Resampling-Based Ensemble Methods for Online Class Imbalance Learning}, 
year={2015}, 
volume={27}, 
number={5}, 
pages={1356-1368}, 
ISSN={1041-4347}, 
month={May}
}

@ARTICLE{ckm2015,
    author = {{Maurya}, C.~K. and {Toshniwal}, D. and {Vijendran Venkoparao}, G.},
    title = {Online Anomaly Detection via Class-Imbalance Learning},
    journal = {ArXiv e-prints},
   archivePrefix = "arXiv",
   year = 2015,
    month = aug
}


@article{Zheng201527,
title = "Detecting spammers on social networks ",
journal = "Neurocomputing ",
volume = "159",
number = "",
pages = "27 - 34",
year = "2015",
note = "",
issn = "0925-2312",
author = "Xianghan Zheng and Zhipeng Zeng and Zheyi Chen and Yuanlong Yu and Chunming Rong"
}


@article{Jialei:2012,
  author    = {Jialei Wang and
               Peilin Zhao and
               Steven C. H. Hoi},
  title     = {Exact Soft Confidence-Weighted Learning},
  journal   = {CoRR},
  volume    = {abs/1206.4612},
  year      = {2012},
  url       = {http://arxiv.org/abs/1206.4612}
 }



@incollection{NIPS2008_3554,
title = {Exact Convex Confidence-Weighted Learning},
author = {Crammer, Koby and Mark Dredze and Fernando Pereira},
booktitle = {Advances in Neural Information Processing Systems 21},
editor = {D. Koller and D. Schuurmans and Y. Bengio and L. Bottou},
pages = {345--352},
year = {2009},
publisher = {Curran Associates, Inc.}
}

@article{Orabona:2010,
title = {New Adaptive Algorithms for Online Classification},
author = {Orabona, Francesco and Crammer, Koby},
booktitle = {Advances in Neural Information Processing Systems 23},
journal={Journal of Machine Learning Research},
pages = {1840--1848},
year = {2010},
publisher = {Curran Associates, Inc.}
}

@article{Crammer:2013,
year={2013},
issn={0885-6125},
journal={Machine Learning},
volume={91},
number={2},
doi={10.1007/s10994-013-5327-x},
title={Adaptive regularization of weight vectors},
url={http://dx.doi.org/10.1007/s10994-013-5327-x},
publisher={Springer US},
author={Crammer, Koby and Kulesza, Alex and Dredze, Mark},
pages={155-187}
}


@article{Cesa-Bianchi:2005,
 author = {Cesa-Bianchi, Nicol\`{o} and Conconi, Alex and Gentile, Claudio},
 title = {A Second-Order Perceptron Algorithm},
 journal = {SIAM J. Comput.},
 issue_date = {2005},
 volume = {34},
 number = {3},
 month = mar,
 year = {2005},
 issn = {0097-5397},
 pages = {640--668},
 numpages = {29},
 url = {http://dx.doi.org/10.1137/S0097539703432542},
  publisher = {Society for Industrial and Applied Mathematics},
 address = {Philadelphia, PA, USA}
} 


@article{Gentile:2002,
 author = {Gentile, Claudio},
 title = {A New Approximate Maximal Margin Classification Algorithm},
 journal = {J. Mach. Learn. Res.},
 issue_date = {3/1/2002},
 volume = {2},
 month = mar,
 year = {2002},
 issn = {1532-4435},
 pages = {213--242},
 numpages = {30},
  publisher = {JMLR.org}
} 


@article{Crammer:2003,
 author = {Crammer, Koby and Singer, Yoram},
 title = {Ultraconservative Online Algorithms for Multiclass Problems},
 journal = {J. Mach. Learn. Res.},
 issue_date = {3/1/2003},
 volume = {3},
 month = mar,
 year = {2003},
 issn = {1532-4435},
 pages = {951--991},
 numpages = {41},
 publisher = {JMLR.org},
} 


@article{Ross2014,
  author    = {St{\'{e}}phane Ross and
               Paul Mineiro and
               John Langford},
  title     = {Normalized Online Learning},
  journal   = {CoRR},
  volume    = {abs/1408.2065},
  year      = {2014}
  
}

@book{Nico2006,
 author = {Cesa-Bianchi, Nicolo and Lugosi, Gabor},
 title = {Prediction, Learning, and Games},
 year = {2006},
 isbn = {0521841089},
 publisher = {Cambridge University Press},
 address = {New York, NY, USA},
} 

@ARTICLE{Varun:2012, 
author={V. Chandola and A. Banerjee and V. Kumar}, 
journal={IEEE Transactions on Knowledge and Data Engineering}, 
title={Anomaly Detection for Discrete Sequences: A Survey}, 
year={2012}, 
volume={24}, 
number={5}, 
pages={823-839}, 
ISSN={1041-4347}, 
month={May}
}

@INPROCEEDINGS{Maguire:2014a, 
author={J. Liu and J. Harkin and Y. Li and L. Maguire}, 
booktitle={Adaptive Hardware and Systems (AHS), 2014 NASA/ESA Conference on}, 
title={Online fault detection for Networks-on-Chip interconnect}, 
year={2014}, 
pages={31-38}, 
month={July},}


@article{Maguire:2014b,
title = "An experimental evaluation of novelty detection methods ",
journal = "Neurocomputing ",
volume = "135",
number = "",
pages = "313 - 327",
year = "2014",
note = "",
issn = "0925-2312",
author = "Xuemei Ding and Yuhua Li and Ammar Belatreche and Liam P. Maguire",

}

@ARTICLE{Maguire:2015, 
author={X. Ding and Y. Li and A. Belatreche and L. P. Maguire}, 
journal={IEEE Transactions on Neural Networks and Learning Systems}, 
title={Novelty Detection Using Level Set Methods}, 
year={2015}, 
volume={26}, 
number={3}, 
pages={576-588}, 
ISSN={2162-237X}, 
month={March},}

@Article{Chandola:2013,
author="Chandola, Varun
and Mithal, Varun
and Kumar, Vipin",
title="A reference based analysis framework for understanding anomaly detection techniques for symbolic sequences",
journal="Data Mining and Knowledge Discovery",
year="2013",
volume="28",
number="3",
pages="702--735",
issn="1573-756X",
}


@INPROCEEDINGS{Akbani04applyingsupport,
    author = {Rehan Akbani and Stephen Kwek and Nathalie Japkowicz},
    title = {Applying support vector machines to imbalanced datasets},
    booktitle = {In Proceedings of the 15th European Conference on Machine Learning (ECML},
    year = {2004},
    pages = {39--50}
}
@article{He2009,
 author = {He, Haibo and Garcia, Edwardo A.},
 title = {Learning from Imbalanced Data},
 journal = {IEEE Trans. on Knowl. and Data Eng.},
 issue_date = {September 2009},
 volume = {21},
 number = {9},
 month = sep,
 year = {2009},
 issn = {1041-4347},
 pages = {1263--1284},
 numpages = {22},
 publisher = {IEEE Educational Activities Department},
 address = {Piscataway, NJ, USA}
  
} 




@inproceedings{Zinkevich2003,
  author    = {Martin Zinkevich},
  title     = {Online Convex Programming and Generalized Infinitesimal Gradient Ascent},
  booktitle = {Machine Learning, Proceedings of the Twentieth International Conference
               {(ICML} 2003), August 21-24, 2003, Washington, DC, {USA}},
  pages     = {928--936},
  year      = {2003}
  
}

@incollection{Rosenblatt1958,
 author = {Rosenblatt, F.},
 chapter = {The Perception: A Probabilistic Model for Information Storage and Organization in the Brain},
 title = {Neurocomputing: Foundations of Research},
 editor = {Anderson, James A. and Rosenfeld, Edward},
 year = {1958},
 month={Nov},
 publisher={Psychological Review},
 volume={65(6)},
 pages={386-408} 
 
} 


@ARTICLE{Kivinen2010, 
author={Kivinen, J. and Smola, A.J. and Williamson, R.C.}, 
journal={ IEEE Transactions on Signal Processing}, 
title={Online learning with kernels}, 
year={2010}, 
month={Oct}, 
volume={100}, 
number={10}
}

@article{Crammer2006,
 author = {Crammer, Koby and Dekel, Ofer and Keshet, Joseph and Shalev-Shwartz, Shai and Singer, Yoram},
 title = {Online Passive-Aggressive Algorithms},
 journal = {J. Mach. Learn. Res.},
 issue_date = {12/1/2006},
 volume = {7},
 month = dec,
 year = {2006},
 issn = {1532-4435},
 pages = {551--585},
 numpages = {35},
 publisher = {JMLR.org}
} 

@article{Chawla2002,
 author = {Chawla, Nitesh V. and Bowyer, Kevin W. and Hall, Lawrence O. and Kegelmeyer, W. Philip},
 title = {SMOTE: Synthetic Minority Over-sampling Technique},
 journal = {J. Artif. Int. Res.},
 issue_date = {January 2002},
 volume = {16},
 number = {1},
 month = jun,
 year = {2002},
 issn = {1076-9757},
 pages = {321--357},
 numpages = {37},
 publisher = {AI Access Foundation},
 address = {USA}
} 

@inproceedings{Chawla2003,
  author = {Chawla, Nitesh V. and Lazarevic, Aleksandar and Hall, Lawrence O. and Bowyer, Kevin W.},
  booktitle = {PKDD},
  isbn = {3-540-20085-1},
  pages = {107-119},
  publisher = {Springer},
  series = {Lecture Notes in Computer Science},
  title = {SMOTEBoost: Improving Prediction of the Minority Class in Boosting.},
  volume = 2838,
  year = 2003
}


@INPROCEEDINGS{Shou2010, 
author={Shuo Wang and Huanhuan Chen and Xin Yao}, 
booktitle={Neural Networks (IJCNN), The 2010 International Joint Conference on}, 
title={Negative correlation learning for classification ensembles}, 
year={2010}, 
month={July}, 
pages={1-8}

}


@inproceedings{Elkan2001,
 author = {Elkan, Charles},
 title = {The Foundations of Cost-sensitive Learning},
 booktitle = {Proceedings of the 17th International Joint Conference on Artificial Intelligence - Volume 2},
 series = {IJCAI'01},
 year = {2001},
 isbn = {1-55860-812-5, 978-1-558-60812-2},
 location = {Seattle, WA, USA},
 pages = {973--978},
 numpages = {6},
 publisher = {Morgan Kaufmann Publishers Inc.},
 address = {San Francisco, CA, USA}
} 


@inproceedings{Fan1999,
 author = {Fan, Wei and Stolfo, Salvatore J. and Zhang, Junxin and Chan, Philip K.},
 title = {AdaCost: Misclassification Cost-Sensitive Boosting},
 booktitle = {Proceedings of the Sixteenth International Conference on Machine Learning},
 series = {ICML '99},
 year = {1999},
 isbn = {1-55860-612-2},
 pages = {97--105},
 numpages = {9},
 publisher = {Morgan Kaufmann Publishers Inc.},
 address = {San Francisco, CA, USA}
} 
@inproceedings{Li2002,
 author = {Li, H and Zaragoza, H and Herbrich, R and Shawe-Taylor, Jhon and Kandola, J.S.},
 title = {The perceptron algorithm with uneven margins},
 booktitle = {Proceedings of the Nineteenth International Conference on Machine Learning},
 series = {ICML '02},
 year = {2002},
 pages = {379-386},
 numpages = {9},
 address = {San Francisco, CA, USA}
} 

@ARTICLE{Ling2006, 
author={Ling, C.X. and Sheng, V.S. and Qiang Yang}, 
journal={IEEE Transactions on Knowledge and Data Engineering }, 
title={Test strategies for cost-sensitive decision trees}, 
year={2006}, 
month={Aug}, 
volume={18}, 
number={8}, 
pages={1055-1067}
}


@INPROCEEDINGS{Liu2006, 
author={Xu-Ying Liu and Zhi-Hua Zhou}, 
booktitle={ ICDM '06. Sixth International Conference on Data Mining}, 
title={The Influence of Class Imbalance on Cost-Sensitive Learning: An Empirical Study}, 
year={2006}, 
month={Dec}, 
pages={970-974}
}


@ARTICLE{Lo2011, 
author={Hung-Yi Lo and Ju-Chiang Wang and Hsin-Min Wang and Shou-De Lin}, 
journal={Multimedia, IEEE Transactions on}, 
title={Cost-Sensitive Multi-Label Learning for Audio Tag Annotation and Retrieval}, 
year={2011}, 
month={June}, 
volume={13}, 
number={3}, 
pages={518-529}
}

@article{Wang:2013,
author = {Wang, Shou and Minku, Leandro L. and Yao, Xin},
title = {ONLINE CLASS IMBALANCE LEARNING AND ITS APPLICATIONS IN FAULT DETECTION},
journal = {International Journal of Computational Intelligence and Applications},
volume = {12},
number = {04},
pages = {1340001},
year = {2013},
doi = {10.1142/S1469026813400014}
}


@ARTICLE{Jialei2014, 
author={Jialei Wang and Peilin Zhao and Hoi, S.C.H.}, 
journal={Knowledge and Data Engineering, IEEE Transactions on}, 
title={Cost-Sensitive Online Classification}, 
year={2014}, 
volume={26}, 
number={10}, 
pages={2425-2438}, 
month={Oct}

}

@INPROCEEDINGS{Kubat1997,
    author = {Miroslav Kubat and Stan Matwin},
    title = {Addressing the Curse of Imbalanced Training Sets: One-Sided Selection},
    booktitle = {In Proceedings of the Fourteenth International Conference on Machine Learning},
    year = {1997},
    pages = {179--186},
    publisher = {Morgan Kaufmann}
}

@INPROCEEDINGS{Breunig2000,
    author = {Markus Breunig and Hans Peter Kriegel and Raymond T. Ng and Jörg Sander},
    title = {LOF: Identifying Density-Based Local Outliers},
    booktitle = {Proceedings of the 2000 ACM SIGMOD international conference on management of data},
    year = {2000},
    pages = {93--104},
    publisher = {ACM}
}

@article{Goernitz2013,
  added-at = {2013-02-27T00:00:00.000+0100},
  author = {Goernitz, N. and Kloft, Marius and Rieck, Konrad and Brefeld, Ulf},
  journal = {J. Artif. Intell. Res. (JAIR)},
  keywords = {dblp},
  pages = {235-262},
  timestamp = {2013-02-27T00:00:00.000+0100},
  title = {Toward Supervised Anomaly Detection.},
   volume = 46,
  year = 2013
}




@proceedings{Liang2011,
  editor    = {Liang Xiong and Xi Chen and Schneider, J.},
 booktitle     = {11th International Conference on Data Mining (ICDM),IEEE},
 title={Direct Robust Matrix Factorizatoin for Anomaly Detection}, 
year={2011}, 
pages={844-853},                
}
